@article{brault2021,
  author    = {Brault, Charlotte and Doligez, Agrès and Cunff, Loïc and Coupel-Ledru, Aude and Simonneau, Thierry and Chiquet, Julien and This, Patrice and Flutre, Timothée},
  title     = {Harnessing Multivariate, Penalized Regression Methods for Genomic Prediction and QTL Detection of Drought-Related Traits in Grapevine},
  journal   = {G3: Genes, Genomes, Genetics},
  volume    = {11},
  number    = {9},
  pages     = {jkab248},
  year      = {2021},
  doi       = {10.1093/g3journal/jkab248},
  publisher = {Oxford Academic},
}

@article{collard2005,
  author  = {Collard, B. C. Y. and Jahufer, M. Z. Z. and Brouwer, J. B. and Pang, E. C. K.},
  year    = {2005},
  title   = {An introduction to markers, quantitative trait loci (QTL) mapping and marker-assisted selection for crop improvement: The basic concepts},
  journal = {Euphytica},
  volume  = {142},
  number  = {1-2},
  pages   = {169--196},
  doi     = {10.1007/s10681-005-1681-5}
}

@book{falconer1996,
  author    = {Falconer, Douglas S. and Mackay, Trudy F. C.},
  year      = {1996},
  title     = {Introduction to Quantitative Genetics},
  edition   = {4th},
  publisher = {Longman},
  address   = {Harlow, UK}
}

@article{godfray2010,
  author  = {Godfray, H. Charles J. and Beddington, John R. and Crute, Ian R. and Haddad, Lawrence and Lawrence, David and Muir, James F. and Pretty, Jules and Robinson, Sherman and Thomas, Sandy M. and Toulmin, Camilla},
  title   = {Food Security: The Challenge of Feeding 9 Billion People},
  journal = {Science},
  volume  = {327},
  number  = {5967},
  pages   = {812--818},
  year    = {2010},
  doi     = {10.1126/science.1185383}
}

@article{hasan2021,
  author  = {Hasan, N. and Choudhary, S. and Naaz, N. and et al.},
  title   = {Recent advancements in molecular marker-assisted selection and applications in plant breeding programmes},
  journal = {Journal of Genetic Engineering and Biotechnology},
  volume  = {19},
  number  = {128},
  pages   = {1--23},
  year    = {2021},
  doi     = {10.1186/s43141-021-00231-1}
}

@article{li2012,
  author    = {Li, Zitong and Sillanp{\"a}{\"a}, Mikko J.},
  title     = {Overview of LASSO-related penalized regression methods for quantitative trait mapping and genomic selection},
  journal   = {Theoretical and Applied Genetics},
  volume    = {125},
  number    = {3},
  pages     = {419--435},
  year      = {2012},
  doi       = {10.1007/s00122-012-1892-9}
}

@article{mackay2009,
  author  = {Mackay, Trudy F. C. and Stone, Eric A. and Ayroles, Julien F.},
  year    = {2009},
  title   = {The genetics of quantitative traits: challenges and prospects},
  journal = {Nature Reviews Genetics},
  volume  = {10},
  number  = {8},
  pages   = {565--577},
  doi     = {10.1038/nrg2612}
}

@article{ogutu2012,
  author    = {Ogutu, Joseph O. and Schulz‐Streeck, Torben and Piepho, Hans‐Peter},
  title     = {Genomic selection using regularized linear regression models: ridge regression, lasso, elastic net and their extensions},
  journal   = {BMC Proceedings},
  volume    = {6 (Suppl 2)},
  pages     = {S10},
  year      = {2012},
  doi       = {10.1186/1753-6561-6-S2-S10}
}

@book{wu2007,
  author    = {Wu, Rongling and Ma, Chang-Xing and Casella, George},
  year      = {2007},
  title     = {Statistical Genetics of Quantitative Traits: Linkage, Maps, and QTL},
  publisher = {Springer},
  address   = {New York},
  isbn      = {978-0-387-20334-8}
}

@phdthesis{foster2006,
  author    = {Foster, Scott},
  year      = {2006},
  title     = {The LASSO Linear Mixed Model for Mapping Quantitative Trait Loci},
  school    = {University of Adelaide},
  address   = {Adelaide, Australia}
}

@article{hasan2021,
  author  = {Hasan, N. and Choudhary, S. and Naaz, N. and others},
  year    = {2021},
  title   = {Recent advancements in molecular marker-assisted selection and applications in plant breeding programmes},
  journal = {Journal of Genetic Engineering and Biotechnology},
  volume  = {19},
  number  = {128},
  pages   = {1--23},
  doi     = {10.1186/s43141-021-00231-1}
}

@article{lander1989,
  author  = {Lander, Eric S. and Botstein, David},
  year    = {1989},
  title   = {Mapping Mendelian factors underlying quantitative traits using RFLP linkage maps},
  journal = {Genetics},
  volume  = {121},
  number  = {1},
  pages   = {185--199},
  issn    = {0016-6731},
  pmid    = {2563713},
  url     = {https://www.genetics.org/content/121/1/185}
}

@article{weller1986,
  author  = {Weller, J. I.},
  title   = {Maximum-likelihood techniques for the mapping and analysis of quantitative trait loci with the aid of genetic markers},
  journal = {Biometrics},
  year    = {1986},
  volume  = {42},
  pages   = {627--640}
}

@misc{yang2019,
  author       = {Yang, Jinliang},
  title        = {QTL: Single-Marker Analysis},
  howpublished = {In \textit{AGRO-931 Population Genetics}},
  institution  = {University of Nebraska--Lincoln},
  year         = {2019},
  month        = dec,
  day          = {11},
  note         = {Accessed September 3, 2025},
  url          = {https://jyanglab.com/AGRO-931/chapters/Ch21-2019/Ch21_2019-c1.html#1}
}

@article{xu2003,
  author  = {Xu, Shizhong},
  title   = {Estimating polygenic effects using markers of the entire genome},
  journal = {Genetics},
  year    = {2003},
  volume  = {163},
  pages   = {789--801}
}

@article{zou2005,
  author    = {Zou, Hui and Hastie, Trevor},
  title     = {Regularization and variable selection via the elastic net},
  journal   = {Journal of the Royal Statistical Society: Series B},
  volume    = {67},
  number    = {2},
  pages     = {301--320},
  year      = {2005}
}
